@string(JCP  = {Journal of Chemical Physics})

@ARTICLE{McCourt64,
  AUTHOR    = {McCourt, F. R. and Snider, R. F.},	
  TITLE     = {Thermal conductivity of a gas with rotational states},
  JOURNAL   = {Journal of Chemical Physics},
  YEAR      = {1964},
  VOLUME    = {41},
  PAGES     = {3185--3191},
  Pozn.     = {xerox}
}

@BOOKLET{Gnu,
  AUTHOR = {Inc. Free Software Foundation},
  TITLE = {The gnu c library -- manual [online]},
  HOWPUBLISHED = {Dostupné na: <\url{http://www.gnu.org/software/libc/manual}>},
  NOTE = {[cit. 17.~listopadu 2009]},
  MONTH = {březen},
  YEAR = {2009}
}

@BOOKLET{WebDAVInfo,
  AUTHOR = {Jim Whitehead},
  TITLE = {WebDAV Resources [online]},
  HOWPUBLISHED = {Dostupné na: <\url{http://www.webdav.org}>},
  NOTE = {[cit. 3.~září 2012]},
  MONTH = {duben},
  YEAR = {2010}
}

@BOOKLET{ownCloud,
  AUTHOR = {ownCloud Inc.},
  TITLE = {ownCloud [online]},
  HOWPUBLISHED = {Dostupné na: <\url{http://owncloud.org/}>},
  NOTE = {[cit. 3.~září 2012]},
  MONTH = {srpen},
  YEAR = {2012}
}

@BOOK{ProgC,
  AUTHOR = {Dennis M. Ritchie Brian W. Kernighan},
  TITLE = {Programovací jazyk C},
  PUBLISHER = {Computer Press, a.s.},
  ADDRESS = {Brno},
  EDITION = {dotisk prvního vydání edition},
  YEAR = {2008}
  
}